<?xml version="1.0" encoding="UTF-8"?><collection xmlns="http://www.loc.gov/MARC21/slim"><record><leader>00389nam--2200133-i-4500</leader><controlfield tag="001">000011336</controlfield><controlfield tag="002">20161230</controlfield><controlfield tag="005">20161230201029</controlfield><controlfield tag="008">060222s1000------------r-----000-0-eng-d</controlfield><datafield ind1=" " ind2=" " tag="100"><subfield code="a">Balascio, Joseph Francis</subfield></datafield><datafield ind1=" " ind2=" " tag="245"><subfield code="a">The growth and characterization of single crystal calcite. thesis</subfield></datafield><datafield ind1=" " ind2=" " tag="260"><subfield code="a">Ann Arbor, Michigan, University Microfilms Co. 1974</subfield></datafield><datafield ind1=" " ind2=" " tag="490"><subfield code="a">X+97p</subfield></datafield><datafield ind1=" " ind2=" " tag="852"><subfield code="a">548.5(043)</subfield></datafield></record></collection>